<record><leader>00000cas a2200000 a 4500</leader><controlfield tag="001">55318035</controlfield><controlfield tag="008">040522c19uu9999txuer ne      0    0ara c</controlfield><datafield ind1=" " ind2=" " tag="010"><subfield code="a">  2004222843</subfield></datafield><datafield ind1=" " ind2=" " tag="040"><subfield code="a">CLU</subfield><subfield code="b">eng</subfield><subfield code="c">CLU</subfield><subfield code="d">OCLCQ</subfield><subfield code="d">CLU</subfield><subfield code="d">OCLCF</subfield><subfield code="d">CLU</subfield><subfield code="d">OCL</subfield></datafield><datafield ind1=" " ind2=" " tag="066"><subfield code="c">(3</subfield></datafield><datafield ind1=" " ind2=" " tag="042"><subfield code="a">pcc</subfield></datafield><datafield ind1=" " ind2=" " tag="043"><subfield code="a">ma-----</subfield><subfield code="a">n-us---</subfield></datafield><datafield ind1="0" ind2=" " tag="130"><subfield code="6">880-01</subfield><subfield code="a">Mada&#772;r (Houston, Texas)</subfield></datafield><datafield ind1="1" ind2="3" tag="245"><subfield code="6">880-02</subfield><subfield code="a">al-Mada&#772;r =</subfield><subfield code="b">al-Madar newspaper.</subfield></datafield><datafield ind1="3" ind2="1" tag="246"><subfield code="a">Madar newspaper</subfield></datafield><datafield ind1="3" ind2=" " tag="246"><subfield code="a">Al-madar newspaper</subfield></datafield><datafield ind1="1" ind2=" " tag="246"><subfield code="6">880-03</subfield><subfield code="a">Jari&#772;dat al-mada&#772;r</subfield><subfield code="f">&lt;July 2014-&gt;</subfield></datafield><datafield ind1="1" ind2=" " tag="246"><subfield code="a">Almadar Arab American newspaper</subfield><subfield code="f">&lt;July 2014-&gt;</subfield></datafield><datafield ind1=" " ind2=" " tag="260"><subfield code="6">880-04</subfield><subfield code="3">&lt;March 2004-&gt; :</subfield><subfield code="a">Houston, TX :</subfield><subfield code="b">Mu&#700;assasat al-Amal lil-Nashr wa-al-Tawzi&#772;&#699;</subfield></datafield><datafield ind1="3" ind2="1" tag="264"><subfield code="6">880-05</subfield><subfield code="3">&lt;July 2014-&gt; :</subfield><subfield code="a">Tinley Park, IL. :</subfield><subfield code="b">Mu&#700;assasat al-Amal lil-Nashr wa-al-Tawzi&#772;&#699;</subfield></datafield><datafield ind1=" " ind2=" " tag="300"><subfield code="a">v. :</subfield><subfield code="b">ill. ;</subfield><subfield code="c">43 cm.</subfield></datafield><datafield ind1=" " ind2=" " tag="310"><subfield code="a">Biweekly</subfield></datafield><datafield ind1=" " ind2=" " tag="515"><subfield code="a">Begins over each year with issue 1.</subfield></datafield><datafield ind1=" " ind2=" " tag="588"><subfield code="a">Description based on: Issue 9 (3/11/2004); title from cover.</subfield></datafield><datafield ind1=" " ind2=" " tag="588"><subfield code="a">Latest issue consulted: Issue 5 (7/1/2014).</subfield></datafield><datafield ind1=" " ind2="0" tag="651"><subfield code="a">Arab countries</subfield><subfield code="x">Politics and government</subfield><subfield code="v">Newspapers.</subfield></datafield><datafield ind1=" " ind2="0" tag="650"><subfield code="a">Arab Americans</subfield><subfield code="z">Texas</subfield><subfield code="z">Houston</subfield><subfield code="v">Newspapers.</subfield></datafield><datafield ind1=" " ind2="0" tag="650"><subfield code="a">Arab Americans</subfield><subfield code="z">Illinois</subfield><subfield code="z">Tinley Park</subfield><subfield code="v">Newspapers.</subfield></datafield><datafield ind1=" " ind2="7" tag="650"><subfield code="a">Arab Americans.</subfield><subfield code="2">fast</subfield><subfield code="0">(OCoLC)fst00812200</subfield></datafield><datafield ind1=" " ind2="7" tag="650"><subfield code="a">Politics and government</subfield><subfield code="2">fast</subfield><subfield code="0">(OCoLC)fst01919741</subfield></datafield><datafield ind1=" " ind2="7" tag="651"><subfield code="a">Illinois</subfield><subfield code="z">Tinley Park</subfield><subfield code="2">fast</subfield><subfield code="0">(OCoLC)fst01238233</subfield></datafield><datafield ind1=" " ind2="7" tag="651"><subfield code="a">Arab countries.</subfield><subfield code="2">fast</subfield><subfield code="0">(OCoLC)fst01240128</subfield></datafield><datafield ind1=" " ind2="7" tag="651"><subfield code="a">Texas</subfield><subfield code="z">Houston.</subfield><subfield code="2">fast</subfield><subfield code="0">(OCoLC)fst01205077</subfield></datafield><datafield ind1=" " ind2="7" tag="655"><subfield code="a">Newspapers.</subfield><subfield code="2">fast</subfield><subfield code="0">(OCoLC)fst01423814</subfield></datafield><datafield ind1=" " ind2=" " tag="752"><subfield code="a">United States</subfield><subfield code="b">Illinois</subfield><subfield code="c">Cook</subfield><subfield code="d">Tinley Park.</subfield></datafield><datafield ind1=" " ind2=" " tag="752"><subfield code="a">United States</subfield><subfield code="b">Texas</subfield><subfield code="c">Harris</subfield><subfield code="d">Houston.</subfield></datafield><datafield ind1="4" ind2="2" tag="856"><subfield code="u">http://bibpurl.oclc.org/web/49905</subfield><subfield code="u">http://www.almadarnews.com/</subfield></datafield><datafield ind1="0" ind2=" " tag="880"><subfield code="6">130-01/(3/r</subfield><subfield code="a">&#1605;&#1583;&#1575;&#1585; (Houston, Texas)</subfield></datafield><datafield ind1="1" ind2="2" tag="880"><subfield code="6">245-02/(3/r</subfield><subfield code="a">&#1575;&#1604;&#1605;&#1583;&#1575;&#1585; =</subfield><subfield code="b">al-Madar newspaper.</subfield></datafield><datafield ind1="1" ind2=" " tag="880"><subfield code="6">246-03/(3/r</subfield><subfield code="a">&#1580;&#1585;&#1610;&#1583;&#1577; &#1575;&#1604;&#1605;&#1583;&#1575;&#1585;</subfield><subfield code="f">&lt;July 2014-&gt;</subfield></datafield><datafield ind1=" " ind2=" " tag="880"><subfield code="6">260-04/(3/r</subfield><subfield code="3">&lt;March 2004-&gt; :</subfield><subfield code="a">Houston, TX :</subfield><subfield code="b">&#1605;&#1572;&#1587;&#1587;&#1577; &#1575;&#1604;&#1575;&#1605;&#1604; &#1604;&#1604;&#1606;&#1588;&#1585; &#1608;&#1575;&#1604;&#1578;&#1608;&#1586;&#1610;&#1593;</subfield></datafield><datafield ind1="3" ind2="1" tag="880"><subfield code="6">264-05/(3/r</subfield><subfield code="3">&lt;July 2014-&gt; :</subfield><subfield code="a">Tinley Park, IL. :</subfield><subfield code="b">&#1605;&#1572;&#1587;&#1587;&#1577; &#1575;&#1604;&#1575;&#1605;&#1604; &#1604;&#1604;&#1606;&#1588;&#1585; &#1608;&#1575;&#1604;&#1578;&#1608;&#1586;&#1610;&#1593;</subfield></datafield><datafield ind1="1" ind2=" " tag="029"><subfield code="a">AU@</subfield><subfield code="b">000025561523</subfield></datafield></record>